@book{textbook,
  author    = {杉江 俊治 and 藤田 政之},
  publisher = {コロナ社},
  title     = {フィードバック制御入門},
  year      = {1999}
}
